3150 4784
645 259 864 313 Praelatio.
1290 263 1339 326 XI

193 453 367 537 Euagrium
386 454 569 518 incubuisse
589 454 667 517 satis
687 453 755 517 ueri
776 453 879 517 simile
895 457 952 518 ost.
972 454 1116 535 inprimis
1136 474 1172 518 ex
1192 455 1338 538 operibus

194 559 380 622 Tertulliani
400 561 431 623 et
447 557 592 642 Cypriani
612 577 730 622 necnon
746 577 782 620 ex
801 559 952 636 homiliis,
968 578 1048 641 quae
1070 559 1256 641 „Tractatus
1273 559 1339 624 Ori·

195 665 303 748 genis“
329 669 493 743 uocantur,
522 666 666 729 libellum
691 685 785 729 suum
810 666 1009 730 contexuisse
1032 665 1169 729 uidetur.
1199 666 1339 731 sednon

192 771 286 835 facile
302 777 351 837 est
366 768 463 850 dictu,
485 777 516 837 et
539 792 557 836 a
580 773 695 854 quibus
721 776 851 854 atquae
874 776 1040 837 mutuatus
1066 773 1118 836 sit.
1142 792 1214 836 nam
1233 776 1338 854 patres

191 877 345 942 ecclesiae
364 897 536 961 numquam
555 878 740 943 nominatim
763 878 873 942 laudat
892 882 985 960 atque
1005 897 1051 956 ea,
1075 898 1154 962 quae
1174 899 1210 943 ex
1229 879 1338 943 alienis

194 984 376 1048 auctoribus
405 985 607 1068 deprompsit,
626 1004 687 1049 non
710 984 750 1047 ad
773 985 905 1048 uerbum
929 987 1069 1066 repetere
1094 985 1149 1049 sed
1177 985 1215 1050 ad
1245 1004 1338 1049 suum

192 1088 359 1152 arbitrium
383 1093 415 1154 et
436 1089 635 1173 propositum
661 1090 815 1173 castigare
840 1091 931 1154 solet.

238 1195 283 1259 llx
300 1195 424 1260 Veteris
449 1201 481 1260 et
503 1196 588 1261 Noui
607 1197 800 1261 Testamenti
819 1197 919 1274 libris,
946 1198 973 1260 si
993 1217 1056 1280 qua
1075 1198 1161 1277 citat,
1180 1198 1337 1283 Euagrius

191 1301 323 1366 adducit
356 1303 530 1368 secundum
563 1304 741 1367 uersionem
775 1304 959 1388 Hieronymi
991 1307 1080 1368 textu
1118 1304 1337 1386 antiquiorem.

194 1407 250 1470 sed
283 1409 378 1472 etiam
416 1409 447 1472 iu
481 1409 593 1474 Sacrae
627 1391 806 1491 Scripturae
843 1410 950 1474 uerbis
986 1409 1153 1474 reddendis
1191 1430 1336 1494 magnam

194 1515 358 1579 audaciam
378 1517 525 1595 ostendit,
544 1520 582 1580 ut
600 1515 710 1580 eadem
728 1517 911 1581 testimonia
925 1517 1069 1599 pluribus
1084 1517 1163 1582 locis
1182 1517 1339 1600 perhibita

189 1621 273 1685 inter
288 1641 321 1686 se
337 1623 513 1704 discrepare
528 1623 740 1705 deprehendas
756 1625 944 1706 omninoque
958 1625 1098 1699 lacunas,
1114 1623 1338 1702 additamenta,

190 1728 270 1792 alias
293 1730 466 1795 lectionum
491 1729 715 1794 ordinariarum
740 1731 931 1794 mutationes
956 1749 1049 1812 saepe
1074 1731 1212 1813 detegas

239 1833 438 1920 Quicumque
457 1837 510 1900 uel
530 1836 631 1901 obiter
649 1835 819 1919 perlegerit
837 1837 967 1920 Euagrii
983 1837 1184 1919 opusculum,
1202 1837 1235 1900 in
1253 1835 1343 1900 haud,

194 1941 314 2026 exiguis
335 1944 578 2009 difficultatibus
597 1944 718 2009 uersari
738 1944 806 2008 eius
821 1946 854 2007 et
871 1945 1084 2010 recensionem
1106 1948 1138 2008 et
1155 1944 1339 2027 interpreta-

189 2049 311 2112 tionem
331 2051 568 2117 animaduertet.
595 2050 646 2114 oui
664 2049 863 2115 incommodo
888 2053 925 2114 ut
943 2070 998 2131 pro
1018 2050 1104 2114 uirili
1123 2055 1212 2133 parte
1232 2068 1337 2115 occur-

192 2173 303 2232 rerem,
327 2156 447 2221 indices
475 2157 746 2239 locupletissimos
775 2157 850 2220 huic
878 2157 1034 2221 uolumini
1061 2156 1192 2234 inserui,
1222 2156 1337 2238 quibus

192 2263 412 2328 commentarii
426 2264 496 2328 loco
508 2264 745 2328 utanturuelim
756 2263 901 2328 lectores.
919 2262 1084 2326 sedetiam
1101 2282 1137 2325 ex
1150 2281 1182 2325 re
1198 2263 1337 2326 omnium

194 2366 300 2431 uisum
316 2371 374 2444 est,
395 2388 611 2452 quaecumque
625 2370 684 2433 hac
698 2369 890 2452 praefatione
906 2371 938 2433 et
952 2368 1089 2432 editione
1105 2388 1198 2450 quam
1217 2369 1336 2433 breuis·

192 2472 274 2537 sime
298 2475 445 2539 absoluta
473 2479 547 2540 sunt
572 2476 608 2540 de
637 2476 726 2540 libris
751 2475 985 2559 manuscriptis
1014 2477 1119 2540 textus
1147 2475 1338 2550 recensione,

194 2579 417 2644 Altercationis
441 2584 553 2646 natura
575 2582 716 2647 fontibus
737 2585 875 2659 auctore,
899 2582 1003 2646 fusius
1027 2584 1162 2646 tractare
1185 2581 1339 2662 peculiari

192 2688 468 2764 commentatione,
498 2707 577 2770 quae
606 2688 843 2773 epilegomenon
868 2689 968 2752 instar
996 2688 1035 2751 ad
1059 2688 1139 2751 hanc
1168 2687 1337 2751 editionem

193 2793 367 2858 Annalibus
391 2794 579 2858 Academiae
602 2794 856 2859 Vindobonensis
881 2795 954 2858 anni
980 2797 1065 2858 1904
1088 2794 1207 2857 inserta
1229 2813 1338 2876 prope·

191 2897 277 2962 diem
300 2901 447 2981 prodibit.

237 3006 322 3070 Huic
350 3008 536 3089 praefationi
568 3009 661 3073 finem
694 3009 854 3091 imponere
887 3029 948 3073 non
985 3026 1127 3090 possum,
1166 3007 1227 3070 nisi
1259 3008 1337 3071 uiris

195 3112 389 3178 doctissimis
421 3117 537 3198 gratias
571 3135 676 3200 egero
696 3117 857 3193 maximas,
892 3116 946 3197 qui
978 3115 1010 3178 in
1041 3113 1171 3197 Euagrii
1211 3114 1336 3198 dialogo

191 3218 312 3282 edendo
328 3240 377 3284 me
393 3221 591 3299 adiuuerunt,
611 3222 755 3304 inprimis
771 3223 943 3304 Augusto
962 3221 1225 3304 Engelbreoht,
1246 3221 1338 3284 cuius

193 3323 347 3407 singulari
379 3327 564 3391 liberalitati
597 3332 628 3390 et
661 3327 792 3392 consilio
828 3330 860 3390 et
896 3345 1007 3408 operae
1039 3328 1196 3407 permulta
1229 3326 1337 3401 debeo,

192 3428 305 3495 deinde
323 3433 434 3498 Petro
455 3433 627 3510 derasen,
648 3433 873 3498 Willibaldo
893 3432 1078 3508 Foerster,
1094 3432 1229 3496 Adolfo
1249 3433 1336 3496 Har·

193 3539 296 3613 nack,
333 3539 487 3604 Allredo
524 3539 676 3615 Holder,
714 3539 907 3604 Ludouico
945 3539 1099 3615 Traube,
1143 3538 1335 3603 Theodoro

192 3645 304 3722 Zabn,
331 3659 465 3727 qnorum
489 3646 556 3710 suis
580 3646 714 3728 quisque
739 3646 898 3710 benefieiis
923 3664 973 3708 me
997 3645 1059 3708 sibi
1083 3644 1230 3708 deuinxit.

238 3752 383 3817 Inueniat
406 3758 437 3817 et
461 3756 571 3817 auctor
595 3756 625 3816 et
650 3753 751 3818 editor
773 3753 926 3835 propitios
951 3752 1085 3815 iudices!

239 3943 504 4022 Vratislauiae‚
529 3963 637 4008 mense
660 3943 762 4026 Aprili
788 3962 814 4006 a.
841 3944 938 4006 1904.

834 4133 1043 4216 llduardus
1072 4131 1230 4214 Bratlre.
