3150 4784
541 1002 936 1113 sannanim.

209 1389 382 1507 Dialogus,
422 1422 473 1485 cui
510 1421 694 1484 inscribitur
726 1419 896 1482 Attorcutio
932 1418 1007 1500 lepis
1041 1421 1121 1481 ictor·
1153 1417 1314 1482 Simonem
1393 1415 1396 1419 ’

163 1532 320 1594 loriacum
339 1534 365 1592 ot
385 1525 588 1608 Theophilum
609 1525 834 1605 Christicolum,
858 1527 889 1590 iu
914 1526 1009 1589 titulo
1030 1526 1167 1589 auctoris
1186 1527 1313 1590 nomine

166 1640 257 1701 caret.
277 1636 333 1700 sed
350 1634 555 1717 praescriptio
577 1632 717 1716 epistolii
736 1632 943 1714 disputationi
961 1633 1128 1713 praemissi
1148 1632 1313 1714 scriptoris

166 1762 277 1806 nomen
305 1743 436 1825 prodere
460 1740 538 1804 mihi
563 1740 700 1816 uidetur,
730 1759 824 1820 quem
852 1757 932 1802 auno
960 1739 1024 1803 fere
1052 1741 1117 1803 440
1145 1739 1177 1802 iu
1208 1738 1314 1804 Gallia

165 1849 362 1913 meridionali
395 1847 548 1912 claruisse
582 1866 617 1910 ex
649 1846 790 1909 fontibus
824 1844 1049 1927 doctrinisque,
1084 1845 1198 1927 quibus
1232 1865 1313 1910 usus

166 1958 225 2032 est,
264 1955 365 2019 conici
401 1956 516 2036 potest.
553 1955 715 2035 praeterea
746 1951 919 2035 Euagrium
957 1951 1112 2034 quendam
1150 1952 1311 2035 dialogum

166 2063 384 2143 composuisse
413 2058 593 2124 Gennadius
622 2058 833 2122 Massiliensis
860 2058 1030 2122 memoriae
1058 2057 1164 2134 tradit,
1198 2059 1253 2140 qui
1280 2060 1312 2121 in

166 2168 309 2251 catalogo
348 2167 487 2231 uirorum
523 2165 697 2228 illustrium
735 2164 812 2228 dicit
844 2169 880 2238 (c.
918 2163 989 2242 5l):
1027 2162 1192 2244 anprius
1228 2165 1314 2228 alius

163 2276 289 2354 scripsit
313 2273 555 2336 Alterootioaem
579 2268 717 2335 Sirbonis
739 2270 853 2333 harlaei
876 2275 905 2333 et
929 2269 1094 2350 Tireopbit'
1124 2268 1314 2349 Christiani,

164 2401 241 2461 quoe
263 2401 366 2460 pocae
394 2379 536 2442 oratoribus
562 2381 637 2440 ricto
664 2380 716 2440 est.
747 2375 901 2441 Gennadii
930 2377 1078 2460 uestigiis
1107 2377 1313 2441 Marcellinus

166 2485 290 2563 Comes,
318 2484 479 2548 Honorius
508 2482 816 2564 Augustodunensis,
844 2481 991 2546 librarius
1016 2482 1134 2546 codicis
1163 2480 1314 2546 OAlter-

166 2592 299 2656 cationis
324 2589 377 2677 (cf.
402 2590 482 2653 infra
504 2608 577 2671 pag.
602 2587 675 2673 Vll)
700 2588 838 2672 ingressi
863 2590 946 2652 sunt.

211 2697 339 2781 Euagrii
366 2696 512 2779 apologia
540 2695 729 2759 christianae
756 2694 830 2758 fidei
858 2695 997 2776 quinque
1026 2695 1188 2760 codicibus
1222 2696 1315 2760 nohis

167 2809 292 2870 seruata
307 2808 372 2878 est.

211 2910 368 2988 Bonitatc,
407 2929 466 2975 nou
503 2913 666 2974 uetustate
702 2910 875 2993 principem
912 2911 1018 2975 locum
1060 2909 1182 2974 obtinet
1219 2910 1314 2974 codex

167 3017 498 3101 Bambergensis1)
520 3019 544 3080 Β
564 3017 612 3080 III
632 3018 671 3080 31
693 3016 875 3099 insignitus,
895 3017 1164 3094 membranaceus,
1185 3018 1311 3080 saeculo
1326 3014 1361 3078 B

167 3125 211 3187 IX
245 3123 296 3186 uel
327 3123 357 3186 X
389 3124 537 3204 scriptus,
575 3122 724 3187 foliorum
764 3123 826 3187 178
860 3122 961 3186 forma
997 3121 1164 3186 octonaria.
1189 3122 1314 3186 exhibet

169 3229 327 3293 uariorum
355 3231 480 3310 patrum
508 3229 653 3310 inprimis
682 3228 854 3311 Augustini
878 3227 1005 3309 scripta,
1029 3229 1111 3292 inter
1140 3247 1218 3309 quae
1242 3229 1315 3291 inde

168 3334 262 3398 afol.
289 3333 493 3398 1101-1282
522 3334 694 3398 Altercatio
723 3335 839 3397 tradita
867 3336 925 3396 est.
962 3333 1120 3397 antecedit
1148 3331 1255 3396 Sermo
1280 3333 1314 3398 S.

167 3438 340 3520 Aiipostiai
363 3439 399 3502 de
422 3439 508 3501 Iuda
530 3439 692 3516 traditore,
724 3442 898 3520 sequuntur
921 3436 955 3503 S.
984 3437 1196 3520 Clarpsostonri
1218 3438 1317 3502 honri-

169 3546 231 3610 lioe
262 3546 343 3610 dirce
370 3547 404 3609 in
431 3545 629 3625 Eutropium.
662 3546 722 3610 hoc
750 3544 974 3632 altercationis
1008 3545 1223 3628 apographum
1256 3546 1320 3609 Th,

171 3653 254 3716 Zahn
292 3653 421 3729 inuenit,
454 3653 491 3715 A.
524 3653 669 3717 Harnach
705 3652 826 3734 primus
863 3651 984 3733 publici
1021 3652 1099 3742 iuris
1136 3651 1221 3728 fecit,
1256 3670 1314 3734 ego

169 3759 285 3828 iterum
318 3777 378 3840 qua
409 3778 465 3840 par
498 3763 563 3823 crat
595 3758 760 3842 diligentia
792 3758 924 3823 excussi.
957 3758 1035 3822 bene
1068 3756 1222 3838 scripturn
1256 3762 1315 3835 cst,

172 3864 226 3927 sed
262 3864 381 3927 multae
419 3866 626 3929 correctiones
666 3867 844 3929 occurrunt.
884 3883 1016 3945 quarum
1050 3865 1164 3928 alteras
1202 3883 1315 3928 manus

190 4111 193 4114 -
217 4071 235 4138 1)
257 4071 437 4142 cf.Kata10g
457 4073 503 4127 der
522 4074 733 4127 Handschriften
753 4073 799 4126 der
817 4072 993 4141 kbniglichen
1007 4071 1167 4125 Bibliothelr
1187 4089 1219 4124 zu
1233 4072 1315 4125 Barn-

171 4161 245 4229 berg.
266 4162 286 4213 Ι.
306 4162 356 4214 Bd.
379 4163 401 4214 1.
421 4162 522 4215 Abteil.
542 4164 567 4218 3.
585 4163 655 4218 Lief.
675 4162 772 4231 (edidit
791 4162 913 4228 Fischer)
934 4162 1069 4230 Bamberg
1090 4161 1158 4215 1903
1178 4180 1203 4231 p.
1219 4161 1279 4215 373.
