3150 4784
668 290 704 338 et
732 286 952 354 Theophili.
1338 292 1380 353 53

236 480 326 562 signo
354 480 427 542 fidei
455 481 529 544 lesu
558 479 677 545 Christi
706 481 890 544 consecrari.
922 480 1055 544 arbitror
1079 481 1160 544 enim
1189 501 1244 563 per
1268 501 1380 545 manus

234 586 457 666 inpositionem
482 589 687 668 accepturum
710 605 760 650 me
785 586 972 650 delictorum
997 587 1201 651 ablutionem.

281 691 466 771 Theophilus
489 690 689 756 Christianus
712 691 810 754 dixit:
832 692 933 756 immo
952 693 1220 757 benedictionem!
1245 693 1291 756 sic
1311 693 1380 757 Isac

234 799 327 862 lacob
360 798 528 869 benedixit,
567 801 598 862 et
632 817 685 880 per
721 799 944 881 inpositionem
983 817 1095 863 manus
1129 799 1378 864 benedictionem

204 905 365 986 saccepit,
394 908 431 967 nt
454 904 554 969 maior
576 905 665 969 lieret
689 925 724 969 en
748 906 878 969 minore.
912 906 958 968 sic
982 908 1015 968 et
1036 904 1141 969 Ehem
1175 909 1206 968 et
1234 906 1380 970 Manasse

170 1087 171 1090 Ἴ
233 1031 289 1092 per
311 1011 535 1092 inpositionem
560 1031 711 1075 manuum
736 1011 859 1075 dilatati
884 1014 967 1075 sunt.

279 1117 365 1180 Tune
385 1117 579 1199 Theophilus
600 1117 760 1182 Simonem
784 1118 938 1181 iudaeum
958 1117 1055 1180 unxit.
1081 1120 1112 1180 et
1131 1118 1265 1199 adeptus
1285 1117 1379 1182 iidem

235 1222 343 1286 Simon
373 1224 489 1307 gratias
519 1242 610 1306 agere
640 1224 744 1306 coepit
774 1223 895 1288 dicens:
939 1224 1057 1306 gratias
1085 1224 1144 1286 tibi
1173 1244 1243 1307 ago,
1277 1224 1378 1302 lesus,

235 1349 327 1410 quem
352 1349 512 1411 nunquam
536 1330 603 1393 uidi
627 1330 666 1393 ad
689 1330 814 1400 faciem,
838 1348 921 1393 nune
941 1334 1048 1392 autem
1073 1331 1164 1395 credo
1188 1332 1219 1393 ia
1244 1334 1286 1393 te.
1312 1349 1379 1413 gra-

192 1456 217 1494 ιο
234 1436 295 1498 tias
328 1436 396 1510 tibi,
430 1437 532 1510 lesus,
567 1455 660 1517 quem
687 1455 847 1517 nunquam
876 1435 996 1511 audiui,
1025 1455 1107 1499 nunc
1136 1439 1243 1500 autem
1273 1437 1376 1500 audio.

233 1541 345 1605 inuoco
370 1545 412 1618 te,
437 1541 536 1618 Iesus,
563 1542 654 1606 cuius
679 1561 807 1605 sensum
832 1545 923 1605 antea
947 1561 1008 1604 non
1032 1542 1140 1618 habui,
1164 1562 1247 1606 nunc
1272 1545 1377 1605 autem

235 1649 326 1727 cupio
343 1648 372 1711 in
388 1650 419 1711 te
435 1667 564 1711 sensnm
584 1667 689 1711 meum
709 1667 790 1724 esse,
809 1668 865 1730 per
884 1667 977 1730 quem
998 1650 1149 1731 cognouit
1167 1649 1378 1731 Theophilum

233 1754 425 1836 discipulum
454 1758 555 1816 tuum.
593 1753 718 1817 demine
748 1755 850 1832 lesus,
881 1755 906 1816 si
936 1754 997 1817 fide
1026 1754 1140 1838 dignus
1170 1776 1251 1832 sum,
1281 1759 1312 1818 et
1340 1757 1378 1818 ad

322 1945 392 1997 3-5
416 1944 448 1998 of.
473 1943 539 1998 Gen.
558 1946 591 1997 27
657 1945 725 1997 h-6
751 1944 783 1998 ef.
804 1944 870 1999 Gen.
894 1946 937 2008 48,
959 1946 1063 1998 13-22
1087 1946 1221 2014 (inprimis
1242 1962 1310 1998 uers.
1333 1948 1377 2012 19)

234 2033 249 2084 9
271 2033 303 2085 cf.
322 2031 380 2084 Ioh.
401 2033 444 2100 20,
464 2033 505 2087 29.
525 2032 538 2085 Ι
557 2033 630 2085 Petr.
652 2035 674 2094 l,
696 2033 712 2087 8

322 2172 465 2227 ductores:
487 2175 500 2226 l
521 2176 597 2244 cipue
611 2174 689 2243 fidei]
711 2174 743 2228 cf.
762 2173 794 2226 A.
814 2175 857 2242 34,
878 2174 991 2240 10-35,
1013 2174 1046 2226 12
1137 2175 1206 2229 3-6
1228 2174 1260 2228 cf.
1281 2175 1313 2227 Α.
1333 2177 1377 2239 22,

236 2263 348 2324 11-23,
368 2263 384 2315 3

271 2407 282 2455 l
304 2403 361 2455 iesu
382 2403 440 2466 ΒΟ,
460 2420 510 2457 eac.
531 2403 555 2454 V
615 2421 663 2472 per
682 2402 729 2465 13²,
749 2403 821 2471 quod
840 2421 887 2472 per
902 2403 997 2456 B¹CV
1062 2422 1156 2458 manus
1170 2405 1229 2470 BC,
1250 2423 1376 2459 manuum

233 2496 338 2544 tuarum
366 2493 388 2543 V
450 2494 465 2545 2
484 2499 655 2560 accepturum
674 2509 717 2546 me
735 2496 810 2560 (post
828 2509 870 2544 me
889 2496 956 2560 ras.)
976 2491 1136 2547 delictorum
1156 2495 1322 2548 ablutionem
1341 2495 1375 2562 B,

233 2597 274 2632 me
298 2590 467 2650 peccatorum
493 2597 611 2634 meorum
636 2582 812 2635 abolitionem
840 2582 871 2643 V,
901 2582 1029 2650 accipiam
1058 2585 1227 2650 peccatorum
1255 2599 1375 2636 meorum

233 2669 396 2722 obliuionem
418 2670 441 2722 C
529 2672 544 2723 3
564 2670 791 2738 theoph-dixit
808 2671 914 2737 scripsi,
933 2670 1060 2724 theofilus
1080 2669 1148 2723 dixit
1166 2672 1200 2739 B,
1220 2671 1376 2740 theophilus

233 2759 276 2813 diri
292 2760 325 2824 0,·
346 2760 371 2810 V
387 2776 438 2812 om.
458 2760 532 2813 barre
545 2760 759 2828 praefationem,
778 2759 861 2812 aerbo
877 2759 1052 2811 abolitionem
1067 2760 1162 2812 atatim
1175 2760 1276 2813 subicit
1294 2760 1376 2812 immo

232 2848 447 2901 benedictionem
467 2849 501 2911 B,
521 2865 572 2901 oar.
592 2848 623 2914 V,
641 2849 669 2899 in
687 2846 917 2900 benedictioneO
970 2847 1008 2899 sic
1027 2846 1062 2913 Β,
1082 2847 1222 2900 sicutCV
1271 2848 1375 2914 isacB‚

232 2953 282 2989 ora.
303 2938 334 2998 V,
353 2936 473 3004 ysaacO
533 2935 783 2989 4benedictionem
803 2935 862 2998 Ba,
882 2952 933 2988 om.
958 2935 984 2987 V
1071 2936 1145 2989 haic
1165 2938 1192 2987 et
1211 2936 1245 2998 Β,
1266 2938 1304 2988 sic
1326 2936 1378 2988 CV

232 3025 322 3077 Essem
338 3033 365 3077 et
378 3025 502 3077 Manasse
522 3025 565 3091 (ef.
583 3028 629 3086 23,
644 3029 668 3089 1)
682 3025 789 3092 scripsi,
809 3041 831 3076 e.
847 3041 869 3078 e.
890 3040 1018 3076 mannase
1038 3027 1084 3086 (na
1102 3024 1134 3076 ia
1146 3028 1213 3085 ras.)
1227 3025 1263 3090 B,
1284 3025 1374 3078 effrem

232 3132 253 3166 e.
273 3130 409 3166 manasses
436 3112 464 3180 0,
484 3113 623 3182 epphraim
643 3118 671 3165 et
689 3127 812 3165 manasse
836 3113 863 3178 V
936 3113 951 3163 6
972 3127 1099 3164 rrranuum
1123 3111 1233 3164 dilatati
1257 3118 1320 3164 sunt
1338 3113 1373 3176 Β,

236 3203 260 3255 d.
282 3221 301 3256 s.
322 3220 356 3254 m.
377 3203 406 3265 V,
426 3219 520 3255 manus
542 3201 566 3253 d.
587 3201 652 3254 s.0
705 3199 915 3267 transenna,
935 3217 985 3254 oar.
1003 3199 1056 3253 CV
1126 3201 1201 3252 unxit
1219 3199 1264 3269 (ef.
1287 3206 1312 3266 4,
1330 3205 1374 3254 15.

234 3296 279 3351 47,
299 3294 325 3357 6)
344 3291 450 3359 scripsi,
470 3291 562 3343 unexit
581 3291 614 3352 B,
634 3290 716 3342 tinxit
734 3291 764 3357 V,
785 3290 937 3358 baptizarit
955 3289 982 3341 in
1002 3289 1110 3341 nonrine
1129 3292 1214 3357 patris
1234 3293 1261 3341 et
1279 3289 1328 3342 filii
1348 3294 1375 3342 et

231 3380 341 3449 spiritus
361 3380 447 3448 saneti
468 3379 492 3432 0
562 3378 674 3447 adeptus
693 3377 752 3435 BC.
774 3394 796 3430 a.
817 3381 858 3430 est
882 3379 908 3429 V
964 3380 979 3431 8
1000 3393 1079 3445 agere
1098 3377 1156 3437 BC,
1178 3394 1257 3445 agere
1277 3377 1327 3430 deo
1351 3379 1378 3430 V

230 3469 282 3521 tibi
301 3486 352 3538 ago
372 3467 431 3529 BC,
452 3486 475 3520 a.
493 3472 514 3520 t.
534 3467 556 3519 V
610 3468 682 3520 iesus
701 3467 766 3528 BV,
784 3465 891 3519 domine
911 3466 976 3518 deus
996 3466 1073 3518 ihesu
1092 3465 1192 3518 christe
1214 3464 1237 3517 0
1272 3466 1287 3519 9
1306 3484 1373 3519 nua-

232 3575 310 3626 quam
330 3559 436 3618 B‚n0n
459 3556 512 3609 CV
555 3596 557 3599 -
599 3555 747 3609 adfaciem
767 3556 827 3616 BC,
847 3554 915 3608 faeie
935 3553 1085 3607 adfaciem
1109 3554 1135 3605 l*
1222 3560 1249 3606 te
1267 3553 1327 3618 BC,
1347 3560 1374 3608 te

231 3647 328 3713 spiritu
348 3650 375 3698 et
392 3649 453 3698 tota
471 3648 561 3698 mente
585 3645 611 3696 V
691 3645 724 3698 10
742 3644 794 3697 tibi
814 3644 847 3705 Β,
867 3643 919 3696 tibi
938 3660 989 3712 ago
1012 3641 1040 3702 O,
1061 3642 1183 3711 egotibi
1207 3643 1233 3694 V
1302 3644 1373 3696 iesus

231 3735 293 3791 BV.
314 3735 420 3787 domiue
440 3734 505 3787 deus
524 3734 602 3787 ihesu
621 3733 719 3786 christe
742 3733 765 3785 C
848 3749 984 3800 nunquam
1003 3730 1039 3792 B,
1058 3748 1203 3800 numquam
1226 3731 1255 3795 C,
1274 3749 1327 3785 non
1351 3733 1377 3783 V

231 3823 310 3875 audio
330 3823 365 3889 Β,
384 3822 464 3875 audio
484 3827 511 3875 te
533 3821 562 3882 0,
583 3821 674 3875 audito
698 3823 724 3874 V
843 3821 874 3872 11
895 3825 922 3872 te
942 3823 1013 3872 iesus
1033 3819 1067 3880 Β,
1087 3820 1145 3871 iesu
1169 3821 1200 3881 V,
1219 3823 1247 3872 te
1267 3819 1374 3874 domine

230 3911 296 3964 deus
314 3912 392 3964 ihesu
412 3912 510 3965 christe
532 3911 555 3963 C
660 3914 740 3963 antea
758 3911 793 3973 Β,
813 3913 876 3962 ante
899 3910 950 3962 GV
1062 3909 1094 3961 12
1114 3911 1243 3976 cognouit
1261 3908 1308 3970 13¹,
1328 3927 1372 3962 co-

230 4000 313 4068 gnoui
334 3999 386 4051 CV
411 4027 413 4031 .
509 4001 539 4053 13
559 3998 666 4052 domine
684 3999 756 4050 iesus
775 3999 810 4057 Β,
832 3996 938 4050 demine
958 3999 1015 4050 iesu
1036 3997 1135 4049 christe
1159 3997 1190 4060 V,
1211 3995 1276 4050 deus
1295 3997 1372 4050 ihesu

230 4089 329 4143 christe
347 4088 369 4141 Ο
421 4089 677 4156 fide-agnitionem
693 4087 729 4149 Β,
749 4086 858 4154 quidem
878 4086 975 4154 dignus
994 4103 1051 4138 sum
1071 4091 1119 4138 tua
1139 4085 1280 4138 uacatione
1299 4090 1372 4152 (con-

230 4179 371 4231 uocatione
395 4177 429 4242 V)
449 4175 502 4228 GV
